@inproceedings{ref1,
  author    = {Kiana Hajebi and
               Yasin Abbasi{-}Yadkori and
               Hossein Shahbazi and
               Hong Zhang},
  editor    = {Toby Walsh},
  title     = {Fast Approximate Nearest-Neighbor Search with k-Nearest Neighbor Graph},
  booktitle = {{IJCAI} 2011, Proceedings of the 22nd International Joint Conference
               on Artificial Intelligence, Barcelona, Catalonia, Spain, July 16-22,
               2011},
  pages     = {1312--1317},
  publisher = {{IJCAI/AAAI}},
  year      = {2011}
}
@article{ref2,
  author    = {Cong Fu and
               Chao Xiang and
               Changxu Wang and
               Deng Cai},
  title     = {Fast Approximate Nearest Neighbor Search With The Navigating Spreading-out
               Graph},
  journal   = {Proc. {VLDB} Endow.},
  volume    = {12},
  number    = {5},
  pages     = {461--474},
  year      = {2019}
}
@misc{ref3,
    title = "KGraph: A Library for Approximate Nearest Neighbor Search",
    howpublished = {\url{https://github.com/aaalgo/kgraph}}
}
@misc{ref4,
    title = "Intel@Intrinsics Guide",
    howpublished = {\url{https://software.intel.com/sites/landingpage/IntrinsicsGuide}}
}
@misc{ref5,
    title = "单线程、SSE、AVX运行效率对比——乘法累加运算",
    howpublished = {\url{https://blog.csdn.net/samylee/article/details/88944554}}
}
@article{ref6,
  title={Optimized product quantization},
  author={Ge, Tiezheng and He, Kaiming and Ke, Qifa and Sun, Jian},
  journal={IEEE transactions on pattern analysis and machine intelligence},
  volume={36},
  number={4},
  pages={744--755},
  year={2013},
  publisher={IEEE}
}
@misc{ref7,
    title = "Faiss",
    howpublished = {\url{https://github.com/facebookresearch/faiss}}
}
@inproceedings{ref8,
  TITLE = {{Link and code: Fast indexing with graphs and compact regression codes}},
  AUTHOR = {Douze, Matthijs and Sablayrolles, Alexandre and J{\'e}gou, Herv{\'e}},
  BOOKTITLE = {{CVPR 2018 - IEEE Conference on Computer Vision \& Pattern Recognition}},
  PUBLISHER = {{IEEE}},
  PAGES = {3646-3654},
  YEAR = {2018},
  DOI = {10.1109/CVPR.2018.00384}
}
@article{ref9,
  TITLE = {{Product Quantization for Nearest Neighbor Search}},
  AUTHOR = {J{\'e}gou, Herv{\'e} and Douze, Matthijs and Schmid, Cordelia},
  JOURNAL = {{IEEE Transactions on Pattern Analysis and Machine Intelligence}},
  PUBLISHER = {{Institute of Electrical and Electronics Engineers}},
  VOLUME = {33},
  NUMBER = {1},
  PAGES = {117-128},
  YEAR = {2011},
  DOI = {10.1109/TPAMI.2010.57}
}